<?xml version="1.0" encoding="UTF-8"?>
  <record xmlns="http://www.loc.gov/MARC21/slim" type="Authority">
    <leader>00000nz  a2200000nc 4500</leader>
    <controlfield tag="001">120064847</controlfield>
    <controlfield tag="003">DE-101</controlfield>
    <controlfield tag="005">20220209003104.0</controlfield>
    <controlfield tag="008">980326n||azznnaabn           | aaa    |c</controlfield>
    <datafield tag="024" ind1="7" ind2=" ">
      <subfield code="a">120064847</subfield>
      <subfield code="0">http://d-nb.info/gnd/120064847</subfield>
      <subfield code="2">gnd</subfield>
    </datafield>
    <datafield tag="035" ind1=" " ind2=" ">
      <subfield code="a">(DE-101)120064847</subfield>
    </datafield>
    <datafield tag="035" ind1=" " ind2=" ">
      <subfield code="a">(DE-588)120064847</subfield>
    </datafield>
    <datafield tag="035" ind1=" " ind2=" ">
      <subfield code="z">(DE-588)1089591659</subfield>
    </datafield>
    <datafield tag="035" ind1=" " ind2=" ">
      <subfield code="z">(DE-588a)120064847</subfield>
      <subfield code="9">v:zg</subfield>
    </datafield>
    <datafield tag="040" ind1=" " ind2=" ">
      <subfield code="a">DE-12</subfield>
      <subfield code="c">DE-12</subfield>
      <subfield code="9">r:DE-12</subfield>
      <subfield code="b">ger</subfield>
      <subfield code="d">9999</subfield>
    </datafield>
    <datafield tag="042" ind1=" " ind2=" ">
      <subfield code="a">gnd1</subfield>
    </datafield>
    <datafield tag="043" ind1=" " ind2=" ">
      <subfield code="c">XA-DE</subfield>
      <subfield code="c">XA-DK</subfield>
    </datafield>
    <datafield tag="065" ind1=" " ind2=" ">
      <subfield code="a">16.5p</subfield>
      <subfield code="2">sswd</subfield>
    </datafield>
    <datafield tag="075" ind1=" " ind2=" ">
      <subfield code="b">p</subfield>
      <subfield code="2">gndgen</subfield>
    </datafield>
    <datafield tag="075" ind1=" " ind2=" ">
      <subfield code="b">piz</subfield>
      <subfield code="2">gndspec</subfield>
    </datafield>
    <datafield tag="079" ind1=" " ind2=" ">
      <subfield code="a">g</subfield>
      <subfield code="q">a</subfield>
      <subfield code="q">f</subfield>
      <subfield code="q">s</subfield>
      <subfield code="u">v</subfield>
    </datafield>
    <datafield tag="100" ind1="0" ind2=" ">
      <subfield code="a">Anna Sophia</subfield>
      <subfield code="c">Sachsen, Kurfürstin</subfield>
      <subfield code="d">1647-1717</subfield>
    </datafield>
    <datafield tag="400" ind1="0" ind2=" ">
      <subfield code="a">Anna Sophia</subfield>
      <subfield code="c">Dänemark, Prinzessin</subfield>
      <subfield code="d">1647-1717</subfield>
    </datafield>
    <datafield tag="400" ind1="0" ind2=" ">
      <subfield code="a">Anna Sophia</subfield>
      <subfield code="c">Schleswig, Herzogin</subfield>
      <subfield code="d">1647-1717</subfield>
    </datafield>
    <datafield tag="400" ind1="0" ind2=" ">
      <subfield code="a">Anna Sophia</subfield>
      <subfield code="c">Dänemark, Erbprinzessin</subfield>
      <subfield code="d">1647-1717</subfield>
    </datafield>
    <datafield tag="400" ind1="0" ind2=" ">
      <subfield code="a">Anna Sophia</subfield>
      <subfield code="c">Norwegen, Erbprinzessin</subfield>
      <subfield code="d">1647-1717</subfield>
    </datafield>
    <datafield tag="400" ind1="0" ind2=" ">
      <subfield code="a">Anne Sophie</subfield>
      <subfield code="c">Sachsen, Kurfürstin</subfield>
      <subfield code="d">1647-1717</subfield>
    </datafield>
    <datafield tag="400" ind1="0" ind2=" ">
      <subfield code="a">Anne Sophie</subfield>
      <subfield code="c">Dänemark, Erbprinzessin</subfield>
      <subfield code="d">1647-1717</subfield>
    </datafield>
    <datafield tag="400" ind1="0" ind2=" ">
      <subfield code="a">Anne Sophie</subfield>
      <subfield code="c">Norwegen, Erbprinzessin</subfield>
      <subfield code="d">1647-1717</subfield>
    </datafield>
    <datafield tag="400" ind1="0" ind2=" ">
      <subfield code="a">Anna Sophie</subfield>
      <subfield code="c">Sachsen, Kurfürstin</subfield>
      <subfield code="d">1647-1717</subfield>
    </datafield>
    <datafield tag="400" ind1="0" ind2=" ">
      <subfield code="a">Anna Sophia</subfield>
      <subfield code="c">Danmark og Norge, Dronning</subfield>
      <subfield code="d">1647-1717</subfield>
    </datafield>
    <datafield tag="500" ind1="0" ind2=" ">
      <subfield code="0">(DE-101)102117470</subfield>
      <subfield code="0">(DE-588)102117470</subfield>
      <subfield code="0">https://d-nb.info/gnd/102117470</subfield>
      <subfield code="a">Johann Georg</subfield>
      <subfield code="b">III.</subfield>
      <subfield code="c">Sachsen, Kurfürst</subfield>
      <subfield code="d">1647-1691</subfield>
      <subfield code="4">bezf</subfield>
      <subfield code="4">https://d-nb.info/standards/elementset/gnd#familialRelationship</subfield>
      <subfield code="w">r</subfield>
      <subfield code="i">Beziehung familiaer</subfield>
      <subfield code="e">Beziehung familiaer</subfield>
      <subfield code="9">v:Ehemann</subfield>
    </datafield>
    <datafield tag="500" ind1="0" ind2=" ">
      <subfield code="0">(DE-101)119471922</subfield>
      <subfield code="0">(DE-588)119471922</subfield>
      <subfield code="0">https://d-nb.info/gnd/119471922</subfield>
      <subfield code="a">Sophie Amalie</subfield>
      <subfield code="c">Dänemark, Königin</subfield>
      <subfield code="d">1628-1685</subfield>
      <subfield code="4">bezf</subfield>
      <subfield code="4">https://d-nb.info/standards/elementset/gnd#familialRelationship</subfield>
      <subfield code="w">r</subfield>
      <subfield code="i">Beziehung familiaer</subfield>
      <subfield code="e">Beziehung familiaer</subfield>
      <subfield code="9">v:Mutter</subfield>
    </datafield>
    <datafield tag="500" ind1="0" ind2=" ">
      <subfield code="0">(DE-101)118693484</subfield>
      <subfield code="0">(DE-588)118693484</subfield>
      <subfield code="0">https://d-nb.info/gnd/118693484</subfield>
      <subfield code="a">Friedrich</subfield>
      <subfield code="b">III.</subfield>
      <subfield code="c">Dänemark, König</subfield>
      <subfield code="d">1609-1670</subfield>
      <subfield code="4">bezf</subfield>
      <subfield code="4">https://d-nb.info/standards/elementset/gnd#familialRelationship</subfield>
      <subfield code="w">r</subfield>
      <subfield code="i">Beziehung familiaer</subfield>
      <subfield code="e">Beziehung familiaer</subfield>
      <subfield code="9">v:Vater</subfield>
    </datafield>
    <datafield tag="500" ind1="0" ind2=" ">
      <subfield code="0">(DE-101)118505084</subfield>
      <subfield code="0">(DE-588)118505084</subfield>
      <subfield code="0">https://d-nb.info/gnd/118505084</subfield>
      <subfield code="a">August</subfield>
      <subfield code="b">II.</subfield>
      <subfield code="c">Polen, König</subfield>
      <subfield code="d">1670-1733</subfield>
      <subfield code="4">bezf</subfield>
      <subfield code="4">https://d-nb.info/standards/elementset/gnd#familialRelationship</subfield>
      <subfield code="w">r</subfield>
      <subfield code="i">Beziehung familiaer</subfield>
      <subfield code="e">Beziehung familiaer</subfield>
      <subfield code="9">v:Sohn</subfield>
    </datafield>
    <datafield tag="500" ind1="0" ind2=" ">
      <subfield code="0">(DE-101)119240122</subfield>
      <subfield code="0">(DE-588)119240122</subfield>
      <subfield code="0">https://d-nb.info/gnd/119240122</subfield>
      <subfield code="a">Johann Georg</subfield>
      <subfield code="b">IV.</subfield>
      <subfield code="c">Sachsen, Kurfürst</subfield>
      <subfield code="d">1668-1694</subfield>
      <subfield code="4">bezf</subfield>
      <subfield code="4">https://d-nb.info/standards/elementset/gnd#familialRelationship</subfield>
      <subfield code="w">r</subfield>
      <subfield code="i">Beziehung familiaer</subfield>
      <subfield code="e">Beziehung familiaer</subfield>
      <subfield code="9">v:Sohn</subfield>
    </datafield>
    <datafield tag="548" ind1=" " ind2=" ">
      <subfield code="a">1647-1717</subfield>
      <subfield code="4">datl</subfield>
      <subfield code="4">https://d-nb.info/standards/elementset/gnd#dateOfBirthAndDeath</subfield>
      <subfield code="w">r</subfield>
      <subfield code="i">Lebensdaten</subfield>
    </datafield>
    <datafield tag="548" ind1=" " ind2=" ">
      <subfield code="a">01.09.1647-01.07.1717</subfield>
      <subfield code="4">datx</subfield>
      <subfield code="4">https://d-nb.info/standards/elementset/gnd#dateOfBirthAndDeath</subfield>
      <subfield code="w">r</subfield>
      <subfield code="i">Exakte Lebensdaten</subfield>
    </datafield>
    <datafield tag="551" ind1=" " ind2=" ">
      <subfield code="0">(DE-101)040175065</subfield>
      <subfield code="0">(DE-588)4017506-6</subfield>
      <subfield code="0">https://d-nb.info/gnd/4017506-6</subfield>
      <subfield code="a">Flensburg</subfield>
      <subfield code="4">ortg</subfield>
      <subfield code="4">https://d-nb.info/standards/elementset/gnd#placeOfBirth</subfield>
      <subfield code="w">r</subfield>
      <subfield code="i">Geburtsort</subfield>
    </datafield>
    <datafield tag="551" ind1=" " ind2=" ">
      <subfield code="0">(DE-101)040471853</subfield>
      <subfield code="0">(DE-588)4047185-8</subfield>
      <subfield code="0">https://d-nb.info/gnd/4047185-8</subfield>
      <subfield code="a">Annaburg-Prettin</subfield>
      <subfield code="4">orts</subfield>
      <subfield code="4">https://d-nb.info/standards/elementset/gnd#placeOfDeath</subfield>
      <subfield code="w">r</subfield>
      <subfield code="i">Sterbeort</subfield>
    </datafield>
    <datafield tag="667" ind1=" " ind2=" ">
      <subfield code="a">VD-17</subfield>
    </datafield>
    <datafield tag="667" ind1=" " ind2=" ">
      <subfield code="a">SAEBI</subfield>
      <subfield code="5">DE-14</subfield>
    </datafield>
    <datafield tag="670" ind1=" " ind2=" ">
      <subfield code="a">Wikipedia</subfield>
    </datafield>
    <datafield tag="672" ind1=" " ind2="0">
      <subfield code="a">Hofmann, Paul: Die Durchlauchtigste Chur-Princessin zu Sachsen nimmet auff dem Königlichen Schloß in Nieköping uff Falster gegen bevorstehender Abreise aus Königreich Dennemarck Den 7. Dec. Anno 1666. von Dero Königlichen Eltern, Geschwister und gantzem Reiche Sehnlichen Abschied. - 1666</subfield>
    </datafield>
    <datafield tag="678" ind1=" " ind2=" ">
      <subfield code="b">Tochter Friedrichs III. von Dänemark, verheiratet mit Johann Georg &lt;Sachsen, Kurfürst, III.&gt;</subfield>
    </datafield>
    <datafield tag="913" ind1=" " ind2=" ">
      <subfield code="S">pnd</subfield>
      <subfield code="i">5</subfield>
      <subfield code="a">Anna Sophia &lt;Sachsen, Kurfürstin&gt;</subfield>
      <subfield code="0">(DE-588a)120064847</subfield>
    </datafield>
  </record>
